<?xml version="1.0" encoding="UTF-8"?><collection xmlns="http://www.loc.gov/MARC21/slim"><record><leader>00601nam--2200181-u-4500</leader><controlfield tag="001">000055074</controlfield><controlfield tag="002">20161230</controlfield><controlfield tag="005">20161230201052</controlfield><controlfield tag="008">121030s1000------------r-----000-0-fre-d</controlfield><datafield ind1=" " ind2=" " tag="040"><subfield code="a">IFIN-HH</subfield></datafield><datafield ind1=" " ind2=" " tag="041"><subfield code="a">fre</subfield></datafield><datafield ind1=" " ind2=" " tag="080"><subfield code="a">538.955:546.3-19(043)</subfield></datafield><datafield ind1="1" ind2=" " tag="100"><subfield code="a">Hennion Nee Bonfante, Martine Jeanne</subfield></datafield><datafield ind1="1" ind2="0" tag="245"><subfield code="a">Contribution a l'etude du magnetisme des alliages de nickel avec des metaux de transition par diffusion inelastique des neutrons</subfield><subfield code="b">These</subfield><subfield code="c">Martine jeanne hennion nee bonfante</subfield></datafield><datafield ind1=" " ind2=" " tag="260"><subfield code="a">Paris</subfield><subfield code="b">Universite</subfield><subfield code="c">1978</subfield></datafield><datafield ind1=" " ind2=" " tag="300"><subfield code="a">255P</subfield></datafield><datafield ind1=" " ind2=" " tag="852"><subfield code="a">46850</subfield><subfield code="c">539.2</subfield></datafield><datafield ind1=" " ind2=" " tag="CAT"><subfield code="a">Sys</subfield><subfield code="c">20121030</subfield><subfield code="h">161831</subfield></datafield></record></collection>